@book{sutton2018reinforcement,
  title={Reinforcement learning: An introduction},
  author={Sutton, Richard S and Barto, Andrew G},
  year={2018}
}

@article{ego,
  title={Egocentric Learning},
  href = {https://studywolf.wordpress.com/2015/03/29/reinforcement-learning-part-3-egocentric-learning/},
}

@inproceedings{even2002pac,
  title={PAC bounds for multi-armed bandit and Markov decision processes},
  author={Even-Dar, Eyal and Mannor, Shie and Mansour, Yishay},
  booktitle={International Conference on Computational Learning Theory},
  pages={255--270},
  year={2002},
  organization={Springer}
}

@article{stocha,
  title={Stochastic Multi-Armed Bandits,Pure Exploration},
  href = {https://www.google.com/url?sa=t&rct=j&q=&esrc=s&source=web&cd=4&cad=rja&uact=8&ved=2ahUKEwjL-5aZoOjnAhVtxDgGHZZdDCcQFjADegQIAxAB&url=https%3A%2F%2Fcourses.cs.washington.edu%2Fcourses%2Fcse599i%2F18wi%2Fresources%2Flecture4%2Flecture4.pdf&usg=AOvVaw1R1efMaq67s21HZNAxYB4T},
}

@article{TD0,
  title={TD(0)},
  href = {https://www.youtube.com/watch?v=4KlVxH8wMWQ
}

@article{on,
  title={On-Policy Learning},
  href = {https://artint.info/html/ArtInt_268.html
}


@article{ans,
  title={Delayed Learning},
  href = {https://datascience.stackexchange.com/questions/35640/handling-actions-with-delayed-effect-reinforcement-learning?newreg=47500172099644a0adb9550afc2c1bc7
}



