@book{sutton2018reinforcement,
  title={Reinforcement learning: An introduction}
  author={Sutton, Richard S and Barto, Andrew G},
  year={2018}
}

@article{git,
  title={GridWorldEnvs - https://github.com/opocaj92/GridWorldEnvs}
}



@article{david,
  title={RL Course by David Silver - Youtube}
}


@article{sutton1998between,
  title={Between MDPs and Semi-MDPs: Learning, planning, and representing knowledge at multiple temporal scales},
  author={Sutton, Richard S},
  year={1998}
}


@article{mnih2015human,
  title={Human-level control through deep reinforcement learning},
  author={Mnih, Volodymyr and Kavukcuoglu, Koray and Silver, David and Rusu, Andrei A and Veness, Joel and Bellemare, Marc G and Graves, Alex and Riedmiller, Martin and Fidjeland, Andreas K and Ostrovski, Georg and others},
  journal={Nature},
  volume={518},
  number={7540},
  pages={529--533},
  year={2015},
  publisher={Nature Publishing Group}
}


@inproceedings{sutton1998intra,
  title={Intra-Option Learning about Temporally Abstract Actions.},
  author={Sutton, Richard S and Precup, Doina and Singh, Satinder P},
  booktitle={ICML},
  volume={98},
  pages={556--564},
  year={1998}
}


