@book{sutton2018reinforcement,
  title={Reinforcement learning: An introduction}
  author={Sutton, Richard S and Barto, Andrew G},
  year={2018}
}

@article{medium,
  title={Reinforcement learning Temporal Difference, SARSA, Q Learning, Expected SARSA in python - https://towardsdatascience.com/reinforcement-learning-temporal-difference-sarsa-q-learning-expected-sarsa-on-python-9fecfda7467e}
}


@article{git,
  title={GridWorldEnvs - https://github.com/opocaj92/GridWorldEnvs}
}


@article{medium_lam,
  title={Reinforcement Learning — TD(λ) Introduction(3) - https://towardsdatascience.com/reinforcement-learning-td-%CE%BB-introduction-3-f329bdbf872a}
}


@article{david,
  title={RL Course by David Silver - https://www.youtube.com/watch?v=2pWv7GOvuf0&list=RDCMUCP7jMXSY2xbc3KCAE0MHQ-A&start_radio=1&t=0}
}


