@book{sutton2018reinforcement,
  title={Reinforcement learning: An introduction},
  author={Sutton, Richard S and Barto, Andrew G},
  year={2018}
}

@article{vidya,
  title={Reinforcement Learning Guide: Solving the Multi-Armed Bandit Problem from Scratch in Python},
  href = {https://www.analyticsvidhya.com/blog/2018/09/reinforcement-multi-armed-bandit-scratch-python/},
}


